<?xml version="1.0" encoding="UTF-8"?><record xmlns="http://www.loc.gov/MARC21/slim" xmlns:cinclude="http://apache.org/cocoon/include/1.0" xmlns:zs="http://www.loc.gov/zing/srw/">
  <leader>00506cz  a2200133n  4500</leader>
  <controlfield tag="001">nr2002007224</controlfield>
  <controlfield tag="003">DLC</controlfield>
  <controlfield tag="005">20020731102543.0</controlfield>
  <controlfield tag="008">020215n| acannaabn          |a aaa     c</controlfield>
  <datafield tag="010" ind1=" " ind2=" ">
    <subfield code="a">nr2002007224</subfield>
    <subfield code="z">nr2002008714</subfield>
  </datafield>
  <datafield tag="040" ind1=" " ind2=" ">
    <subfield code="a">NIC</subfield>
    <subfield code="b">eng</subfield>
    <subfield code="c">NIC</subfield>
    <subfield code="d">DLC</subfield>
  </datafield>
  <datafield tag="100" ind1="1" ind2=" ">
    <subfield code="a">Miklin, Aleksandr,</subfield>
    <subfield code="d">1964-</subfield>
  </datafield>
  <datafield tag="400" ind1="1" ind2=" ">
    <subfield code="a">Miklin, A. R.</subfield>
    <subfield code="q">(Aleksandr Rostislavovich),</subfield>
    <subfield code="d">1964-</subfield>
  </datafield>
  <datafield tag="670" ind1=" " ind2=" ">
    <subfield code="a">Drugoe vremiď¸ aď¸Ą, 2001:</subfield>
    <subfield code="b">t.p. (Aleksandr Miklin) t.p. verso (Miklin A.R., Miklin A.) colophon (Miklin Aleksandr Rostislavovich) p. 4 of cover (b. 1964)</subfield>
  </datafield>
</record>